


@book{Sedra2010,
title = {Microelectronic Circuits},
author = {Adel S. Sedra and Kenneth C. Smith},
year = {2010},
edition={Seventh},
publisher = {Oxford University Press}
}


@article{Sensors2018,
    author  = "Chi-Yuan Lee. Chia-Hung Chiu. Kuan-Lin Yu. and Lung-Jieh Yang",
    title   = "Application of Flexible Four-in-one Microsensor to internal Real-time Monitoring of proton Exchange Membrane Fuel Cell",
    year    = "2018",
    journal = "MDPI"
}

@article{Nature2016,
    author  = "Wei Gao. Sam Emaminejad. Hnin Yin Yin Nyein. Samyuktha Challa. Kevin Chen. Austin Peck. Hossian M Fahad. Hiroki Ota. Hiroshi Shiraki. Daisuke Kiriya. Der-Hsien Lien. George A Brooks. Ronald W Davis. Ali Javey",
    title   = "Fully integrated wearable sensor arrays for multiplexed in situ perspiration analysis",
    year    = "2016",
    journal = "Nature"
}

@online{Etool,
  author = "Engineering ToolBox",
  title = "Resistivity and Conductivity - Temperature coefficients for common materials",
  year = "2003",
  url = {https://www.engineeringtoolbox.com/resistivity-conductivity-d_418.html},
  urldate = {2020-10-30}
}

@online{ADA,
  author = "Adafruit",
  title = "Adding Third Party Boards to the Arduino v1.6.4+ IDE",
  year = "2015",
  url = {https://learn.adafruit.com/add-boards-arduino-v164/overview},
  urldate = {2021-01-10}
}

@online{CoolTerm,
  author = "Roger Meier",
  title = "Roger Meier's Freeware",
  year = "2020",
  url = {https://freeware.the-meiers.org/},
  urldate = {2021-02-30}
}